<?xml version="1.0" encoding="UTF-8"?><collection xmlns="http://www.loc.gov/MARC21/slim"><record><leader>00308nam--2200121-i-4500</leader><controlfield tag="001">000038916</controlfield><controlfield tag="002">20161230</controlfield><controlfield tag="005">20161230201042</controlfield><controlfield tag="008">060222s1000------------r-----000-0-eng-d</controlfield><datafield ind1=" " ind2=" " tag="100"><subfield code="a">Reutov, O.A</subfield></datafield><datafield ind1=" " ind2=" " tag="245"><subfield code="a">Probleme teoretice ale chimiei organice</subfield></datafield><datafield ind1=" " ind2=" " tag="260"><subfield code="a">Bucuresti, Ed.Acad.R.P.R., 1964, 576p</subfield></datafield><datafield ind1=" " ind2=" " tag="852"><subfield code="a">9770</subfield></datafield></record></collection>